<record><leader>00000cas a22000007a 4500</leader><controlfield tag="001">33219002</controlfield><controlfield tag="008">950928d19101918meuwr ne      0    0eng d</controlfield><datafield ind1=" " ind2=" " tag="010"><subfield code="a">sn 95067924 </subfield></datafield><datafield ind1=" " ind2=" " tag="040"><subfield code="a">MBN</subfield><subfield code="b">eng</subfield><subfield code="c">MBN</subfield><subfield code="d">OCLCQ</subfield><subfield code="d">OCLCF</subfield><subfield code="d">OCLCO</subfield></datafield><datafield ind1="1" ind2=" " tag="029"><subfield code="a">AU@</subfield><subfield code="b">000025888780</subfield></datafield><datafield ind1=" " ind2=" " tag="042"><subfield code="a">msc</subfield></datafield><datafield ind1=" " ind2=" " tag="043"><subfield code="a">n-us-me</subfield></datafield><datafield ind1="0" ind2=" " tag="130"><subfield code="a">Maine woods (Phillips, Me. : 1910)</subfield></datafield><datafield ind1="1" ind2="0" tag="245"><subfield code="a">Maine woods.</subfield></datafield><datafield ind1=" " ind2=" " tag="250"><subfield code="a">Outing ed.</subfield></datafield><datafield ind1=" " ind2=" " tag="260"><subfield code="a">Phillips, Me. :</subfield><subfield code="b">J.W. Brackett Co.</subfield></datafield><datafield ind1=" " ind2=" " tag="300"><subfield code="a">v.</subfield></datafield><datafield ind1=" " ind2=" " tag="310"><subfield code="a">Weekly</subfield></datafield><datafield ind1="0" ind2=" " tag="362"><subfield code="a">Vol. 32, no. 48 (June 30, 1910)-</subfield></datafield><datafield ind1="1" ind2=" " tag="362"><subfield code="a">Ceased 1918?</subfield></datafield><datafield ind1=" " ind2=" " tag="500"><subfield code="a">Also published a weekly local edition.</subfield></datafield><datafield ind1=" " ind2="0" tag="651"><subfield code="a">Phillips (Me.)</subfield><subfield code="v">Newspapers.</subfield></datafield><datafield ind1=" " ind2="7" tag="655"><subfield code="a">Newspapers.</subfield><subfield code="2">fast</subfield><subfield code="0">(OCoLC)fst01423814</subfield></datafield><datafield ind1=" " ind2="7" tag="651"><subfield code="a">Maine</subfield><subfield code="z">Phillips.</subfield><subfield code="2">fast</subfield><subfield code="0">(OCoLC)fst01223539</subfield></datafield><datafield ind1=" " ind2=" " tag="752"><subfield code="a">United States</subfield><subfield code="b">Maine</subfield><subfield code="c">Franklin</subfield><subfield code="d">Phillips.</subfield></datafield><datafield ind1="0" ind2="0" tag="780"><subfield code="t">Maine woods and Maine sportsman</subfield><subfield code="w">(DLC)sn 95067926</subfield></datafield></record>